@Unpublished{whis86,
	author = "Bret D. Whissel",
	title = "A {D}erivation of {A}mortization",
	institution = "Florida State University",
	address = "Tallahassee, FL, USA",
	month = "April",
	year = "1986",
	}

@Manual{NotShort,
	author = "Tobias Oetiker and Hubert Partl and Irene Hyna and Elisabeth Schlegl",
	title = "The Not So Short Introduction to \LaTeXe, Version 4.26",
	month = "September",
	year = "2008",
	}

@Book{LatexBook,
	author = "Leslie Lamport",
	title = "{\LaTeX}---{A} Document Preparation System---User's
		Guide and Reference Manual",
	year = "1985",
	address = "Reading, MA, USA",
	publisher = "Addison-Wesley",
	pages = "xiv + 242"
	}
