@MISC{needed,
author = {citeme},
title = {citeme},
mont = mar,
year = {2011}
}
%BLENDER STUFF
@MISC{Blender,
  author = {Blender Foundation},
  title = {Blender},
  month = mar,
  year = {2011},
  url = {http://blender.org}
}

@MISC{b3dDataAPI,
  author = {Blender Foundation},
  title = {Blender},
  month = apr,
  year = {2011},
  url = {http://wiki.blender.org/index.php/Dev:2.5/Source/Architecture/DataAPI}
}
@MISC{b3dPyRNA,
  author = {Blender Foundation},
  title = {Blender},
  month = apr,
  year = {2011},
  url = {http://wiki.blender.org/index.php/Dev:2.5/Source/Python/PyRNA}
}

@MISC{Bullet,
  author = {Game Physics Simulation},
  title = {Bullet {P}hysics},
  month = mar,
  year = {2011},
  url = {http://bulletphysics.org/wordpress/}
}
@MISC{enjaCustomModifier,
  author = {Ian Johnson},
  title = {Blender: {C}reating a {C}ustom {M}odifier},
  month = mar,
  year = {2011},
  url = {http://enja.org/2010/05/24/blender-creating-a-custom-modifier/}
}
@MISC{CMake,
  author = {Kitware},
  title = {{CMake}},
  month = mar,
  year = {2011},
  url = {http://www.cmake.org}
}


%OPENCL STUFF
@MISC{OpenCL,
  author = {Khronos Group},
  title = {Open{CL}},
  month = mar,
  year = {2011},
  url = {http://www.khronos.org/registry/cl/}
}
@MISC{OpenCLSpec,
author = {Opencl, Khronos and Group, Working and Munshi, Aaftab},
title = {{OpenCL Specification}},
year = {2011}
}

%OPENGL STUFF
@MISC{OpenGL,
  author = {Khronos Group},
  title = {Open{GL}},
  month = mar,
  year = {2011},
  url = {http://www.opengl.org}
}

%SPH STUFF
@MISC{Fluids,
  author = {R.C. Hoetzlein},
  title = {FLUIDS},
  month = mar,
  year = {2011},
  url = {http://www.rchoetzlein.com/eng/graphics/fluids.htm}
}

@article{Nils2006,
author = {Th, Nils and Iglberger, Klaus and R, Ulrich},
journal = {Work},
title = {{Free Surface Flows with Moving and Deforming Objects for LBM Free Surface Flows with LBM}},
year = {2006}
}
@article{Clavet2005,
address = {New York, New York, USA},
annote = {Has way of making particles stick to a surface, and how to avoid jumpiness by scaling to timestep},
author = {Clavet, Simon and Beaudoin, Philippe and Poulin, Pierre},
doi = {10.1145/1073368.1073400},
isbn = {176952270X},
journal = {Proceedings of the 2005 ACM SIGGRAPH/Eurographics symposium on Computer animation - SCA '05},
pages = {219},
publisher = {ACM Press},
title = {{Particle-based viscoelastic fluid simulation}},
url = {http://portal.acm.org/citation.cfm?doid=1073368.1073400},
year = {2005}
}
@article{Manenti2011,
author = {Manenti, Sauro and Gallati, Mario and Sibilla, Stefano and Agate, Giordano and Guandalini, Roberto},
file = {:Users/enjalot/Documents/Mendeley Desktop/Manenti et al. - 2011 - SPH MODELING OF SOLID BOUNDARIES THROUGH.pdf:pdf},
journal = {Engineering},
keywords = {3D numerical modeling,Newtonian fluid,model validation,smoothed particle hydrodynamics,solid boundary},
number = {1},
pages = {1--15},
title = {{SPH MODELING OF SOLID BOUNDARIES THROUGH}},
volume = {5},
year = {2011}
}

@article{Knowles2009,
author = {Knowles, Pyarelal},
journal = {Star},
pages = {1--33},
title = {{GPGPU Based Particle System Simulation}},
year = {2009}
}
@article{Seizinger2010,
annote = {Good example thesis},
author = {Seizinger, Alexander},
title = {{Numerical Simulation of Particle Agglomerates}},
year = {2010}
}
@article{Kallin2009,
annote = {Relevant master's thesis

      },
author = {Kallin, Daniel},
title = {{Real-Time Large Scale Fluids for Games}},
year = {2009}
}
@article{Kelager2006,
author = {Kelager, M.},
journal = {Department of Computer Science, University of Copenhagen},
publisher = {Citeseer},
title = {{Lagrangian Fluid Dynamics Using Smoothed Particle Hydrodynamics}},
url = {http://citeseerx.ist.psu.edu/viewdoc/download?doi=10.1.1.93.6640\&amp;rep=rep1\&amp;type=pdf},
year = {2006}
}
@article{Muller2003,
author = {M\"{u}ller, Matthias and Charypar, David},
journal = {Proceedings of the 2003 ACM},
title = {{Particle-based fluid simulation for interactive applications}},
url = {http://portal.acm.org/citation.cfm?id=846298},
year = {2003}
}
@inproceedings{Desbrun1996,
author = {Desbrun, Mathieu and Gascuel, M.P.},
booktitle = {Proceedings of the Eurographics workshop on Computer animation and simulation},
pages = {61--76},
publisher = {Citeseer},
title = {{Smoothed particles: A new paradigm for animating highly deformable bodies}},
url = {http://citeseerx.ist.psu.edu/viewdoc/download?doi=10.1.1.3.3447\&amp;rep=rep1\&amp;type=pdf},
volume = {96},
year = {1996}
}
@article{Pouchol2009,
annote = {we don't implement this but we could extend our method to use it for better handling of particle/object collision detection},
author = {Pouchol, Mickael and Ahmad, Alexandre and Crespin, Benoit and Terraz, Olivier},
pages = {45--59},
title = {{A Hierarchical Hashing Scheme for Nearest Neighbor Search and Broad-Phase Collision Detection}},
year = {2009}
}
@article{Krog2010,
annote = {Krog's thesis, what we based our original implementation on},
author = {Krog, \O ystein Eklund},
number = {June},
title = {{GPU-based Real-Time Snow Avalanche Simulations}},
year = {2010}
}
@article{Liu2010,
annote = {Good review of current state of SPH by the guys who wrote the SPH book},
author = {Liu, M. B. and Liu, G. R.},
doi = {10.1007/s11831-010-9040-7},
issn = {1134-3060},
journal = {Archives of Computational Methods in Engineering},
month = feb,
number = {1},
pages = {25--76},
title = {{Smoothed Particle Hydrodynamics (SPH): an Overview and¬†Recent Developments}},
url = {http://www.springerlink.com/index/10.1007/s11831-010-9040-7},
volume = {17},
year = {2010}
}
@article{Monaghan2005,
author = {Monaghan, J J},
doi = {10.1088/0034-4885/68/8/R01},
issn = {0034-4885},
journal = {Reports on Progress in Physics},
month = aug,
number = {8},
pages = {1703--1759},
title = {{Smoothed particle hydrodynamics}},
url = {http://stacks.iop.org/0034-4885/68/i=8/a=R01?key=crossref.c562820df517a049ca7f11d0aefe49b4},
volume = {68},
year = {2005}
}
@article{Tan2009,
annote = {good comparison between SPH, Eulerian and Lattice-Boltzmann
supports our choice of SPH for game development},
author = {Tan, Jie and Yang, XuBo},
doi = {10.1007/s11432-009-0091-z},
issn = {1009-2757},
journal = {Science in China Series F: Information Sciences},
month = may,
number = {5},
pages = {723--740},
title = {{Physically-based fluid animation: A survey}},
url = {http://www.springerlink.com/index/10.1007/s11432-009-0091-z},
volume = {52},
year = {2009}
}
@article{Hoetzlein,
author = {Hoetzlein, R.C. and H\"{o}llerer, Tobias},
journal = {sph-sjtu-f06.googlecode.com},
title = {{Analyzing Performance and Efficiency of Smoothed Particle Hydrodynamics}},
url = {http://sph-sjtu-f06.googlecode.com/files/sph\_paper.pdf}
}
@article{Goswami2010,
annote = {introduces Z-indexing and more efficient methods of doing spatial hashing},
author = {Goswami, Prashant and Schlegel, Philipp and Solenthaler, Barbara and Pajarola, Renato},
journal = {Computer},
pages = {1--10},
title = {{Interactive SPH Simulation and Rendering on the GPU}},
year = {2010}
}
@inproceedings{Harada2007,
author = {Harada, Takahiro and Koshizuka, S. and Kawaguchi, Y.},
booktitle = {Proc. of spring conference on computer graphics},
keywords = {applied to engineering area,can solve incom-,cle method,fluid simulation,for fluid simulation,parti-,physically based animation,pressible flow is mainly,shibata et al,smoothed particle hydrodynamics,the mps method which},
pages = {26--8},
title = {{Smoothed particle hydrodynamics in complex shapes}},
url = {http://individuals.iii.u-tokyo.ac.jp/\~{}yoichiro/report/report-pdf/harada/international/2007sccg.pdf},
year = {2007}
}
@book{Ericson,
author = {C Ericson},
title = {{Real-time collision detection}},
year = {2005},
publisher = {Morgan Kaufmann}
}
